@article{denuto:2001,
  title={LIN Bus and its Potential for use in Distributed Multiplex Applications},
  author={DeNuto, John V and Ewbank, Stephen and Kleja, Francis and Lupini, Christopher A and Perisho Jr, Robert A},
  journal={SAE transactions},
  pages={135--142},
  year={2001},
  publisher={JSTOR}
}

@inproceedings{studnia:2013,
  title={Survey on security threats and protection mechanisms in embedded automotive networks},
  author={Studnia, Ivan and Nicomette, Vincent and Alata, Eric and Deswarte, Yves and Ka{\^a}niche, Mohamed and Laarouchi, Youssef},
  booktitle={2013 43rd Annual IEEE/IFIP Conference on Dependable Systems and Networks Workshop (DSN-W)},
  pages={1--12},
  year={2013},
  organization={IEEE}
}

@inproceedings{gabriel:2003,
  title={Integrating sensor devices in a LIN bus network},
  author={Gabriel, Chindris and Horia, HEDESIU},
  booktitle={26th International Spring Seminar on Electronics Technology: Integrated Management of Electronic Materials Production, 2003.},
  pages={150--153},
  year={2003},
  organization={IEEE}
}

@inproceedings{ernst:2018,
  title={LIN bus security analysis},
  author={Ernst, Joseph M and Michaels, Alan J},
  booktitle={IECON 2018-44th Annual Conference of the IEEE Industrial Electronics Society},
  pages={2085--2090},
  year={2018},
  organization={IEEE}
}

@inproceedings{ye2010research,
  title={Research and application of CAN and LIN bus in automobile network system},
  author={Ye, Qiangsheng},
  booktitle={2010 3rd International Conference on Advanced Computer Theory and Engineering (ICACTE)},
  volume={6},
  pages={V6--150},
  year={2010},
  organization={IEEE}
}

@inproceedings{xu2006application,
  title={Application of LIN bus in vehicle network},
  author={Xu, Yanyan and Wang, Jingcheng and Chen, Wenxin and Tao, Jin and Liu, Qiujuan},
  booktitle={2006 IEEE International Conference on Vehicular Electronics and Safety},
  pages={119--123},
  year={2006},
  organization={IEEE}
}

@inproceedings{popa2006lin,
  title={Lin bus testing software},
  author={Popa, Mircea and Groza, Voicu and Botas, Alina},
  booktitle={2006 Canadian Conference on Electrical and Computer Engineering},
  pages={1287--1290},
  year={2006},
  organization={IEEE}
}

@article{errors1995crcchecksum,
  title={Performance of checksums and CRCs over real data},
  author={Partridge, Craig and Hughes, Jim and Stone, Jonathan},
  journal={ACM SIGCOMM Computer Communication Review},
  volume={25},
  number={4},
  pages={68--76},
  year={1995},
  publisher={ACM New York, NY, USA}
}

@misc{ti2018lin,
    author={Eric Hackett},
    companion={Texas Instruments},
    year={2018},
    title={\uppercase{LIN} Protocol and Physical Layer Requirements}
}

@Manual{datasheet:tiva,
 organization   = "Texas Instruments",
 title     = "Datasheet \uppercase{TM4C123GH6PM} Microcontroller",
 url       = "https://www.ti.com/lit/ds/spms376e/spms376e.pdf"
}

@Manual{datasheet:pico,
 organization   = "\uppercase{R}aspberry \uppercase{P}i",
 title     = "\uppercase{R}aspberry \uppercase{P}i \uppercase{P}ico \uppercase{D}atasheet -- an \uppercase{RP2040}-based icrocontroller board",
 url       = "https://datasheets.raspberrypi.org/pico/pico-datasheet.pdf"
}

@Manual{datasheet:mcp2003,
 organization   = "Microchip",
 title     = "Datasheet \uppercase{MCP2003/4} Microcontroller \uppercase{LIN} Transceiver",
 url       = "http://ww1.microchip.com/downloads/en/devicedoc/22230a.pdf"
}

@misc{css:2021,
    title={\uppercase{LIN} Bus Explained - A Simple Intro (2021)},
    companion={CSS Electronics},
    url={https://www.csselectronics.com/screen/page/lin-bus-protocol-intro-basics/language/en}
}

@misc{minicom,
    url={http://fmatrm.if.usp.br/cgi-bin/man/man2html?1+minicom},
    companion={USP, Departamento de Física Matemática},
    title={Man page of Minicom}
}

@inproceedings{rahmani2007error,
  title={Error detection capabilities of automotive network technologies and ethernet-a comparative study},
  author={Rahmani, Mehrnoush and Hintermaier, Wolfgang and Muller-Rathgeber, Bernd and Steinbach, Eckehard},
  booktitle={2007 IEEE Intelligent Vehicles Symposium},
  pages={674--679},
  year={2007},
  organization={IEEE}
}
